<?xml version="1.0" encoding="UTF-8"?><collection xmlns="http://www.loc.gov/MARC21/slim"><record><leader>00353nam--2200133-i-4500</leader><controlfield tag="001">000010268</controlfield><controlfield tag="002">20161230</controlfield><controlfield tag="005">20161230201028</controlfield><controlfield tag="008">060222s1000------------r-----000-0-eng-d</controlfield><datafield ind1=" " ind2=" " tag="080"><subfield code="a">029.75:621.762</subfield></datafield><datafield ind1=" " ind2=" " tag="100"><subfield code="a">Argyle, M.And Yarnton, D</subfield></datafield><datafield ind1=" " ind2=" " tag="245"><subfield code="a">A practical course in powder mettalurgy</subfield></datafield><datafield ind1=" " ind2=" " tag="260"><subfield code="a">London, Cassel Ltd., 1962 Xiv + 183 P</subfield></datafield><datafield ind1=" " ind2=" " tag="852"><subfield code="a">37344</subfield></datafield></record></collection>